@Article{survey,
author = {Walaa, Medhat Ahmed, Hassan and Hoda, Korashy},
title = {Sentiment Analysis Algorithms and Applications: A Survey},
journal = {Ain Shams Engineering Journal},
year = {1994},
}

@Article{edfromtext,
 author = {Shiv Naresh Shivhare1 and Prof. Saritha Khethawat},
 title = {Emotion Detection From Text},
 year = {2012},
 }
 
@misc{microsoft,
 title = {{Emotion detection and recognition from text using Deep Learning}},
 howpublished = "\url{https://www.microsoft.com/developerblog/2015/11/29/emotion-detection-and-recognition-from-text-using-deep-learning/}",
 year = {2015}
}

@misc{ibm_watson,
 title = {{IBM Watson: Natural Language Understanding APIs}},
 howpublished = "\url{https://www.ibm.com/watson/services/natural-language-understanding/}",
}

@misc{ibm_watson_tone,
 title = {{IBM Watson: Tone Analyzer}},
 howpublished = "\url{https://www.ibm.com/watson/services/tone-analyzer/}",
}

@misc{qemotion,
 title = {{QEmotion}},
 howpublished = "\url{http://www.qemotion.com/demo.php}",
}

@inproceedings{moodylyrics,
 author = {\c{C}ano, Erion and Morisio, Maurizio},
 title = {MoodyLyrics: A Sentiment Annotated Lyrics Dataset},
 booktitle = {Proceedings of the 2017 International Conference on Intelligent Systems, Metaheuristics \& Swarm Intelligence},
 series = {ISMSI '17},
 year = {2017},
 isbn = {978-1-4503-4798-3},
 location = {Hong Kong, Hong Kong},
 pages = {118--124},
 numpages = {7},
 url = {http://doi.acm.org/10.1145/3059336.3059340},
 doi = {10.1145/3059336.3059340},
 acmid = {3059340},
 publisher = {ACM},
 address = {New York, NY, USA},
 keywords = {Intelligent Music Recommendation, Lyrics Mood Annotations, Lyrics Sentiment Analysis, Music Dataset Construction},
} 

@InProceedings{emoint,
	Title={Emotion Intensities in Tweets},
	author={Mohammad, Saif M. and Bravo-Marquez, Felipe},
	booktitle={Proceedings of the sixth joint conference on lexical and computational semantics (*Sem)}, 
	address = {Vancouver, Canada},
	year={2017}
}

@misc{emobank,
 title = {{EmoBank}},
 howpublished = "\url{https://github.com/JULIELab/EmoBank}",
}

@inproceedings{features,
  title={Lyrics-based Analysis and Classification of Music},
  author={Michael Fell and Caroline Sporleder},
  booktitle={COLING},
  year={2014}
}

@misc{spacy,
 title = {{SpaCy - Industrial-Strength Natural Language Processing in Python}},
 howpublished = "\url{https://spacy.io/}",
}

@article{bws,
  author    = {Svetlana Kiritchenko and
               Saif M. Mohammad},
  title     = {Best-Worst Scaling More Reliable than Rating Scales: {A} Case Study
               on Sentiment Intensity Annotation},
  journal   = {CoRR},
  volume    = {abs/1712.01765},
  year      = {2017}
}

@misc{word2vec,
 title = {{word2vec - Tool for computing continuous distributed representations of words}},
 howpublished = "\url{https://code.google.com/archive/p/word2vec/}",
}

@misc{textblob,
 title = {{TextBlob: Simplified Text Processing}},
 howpublished = "\url{http://textblob.readthedocs.io/en/dev/index.html/}",
}

@misc{ontonotes5,
 title = {{OntoNotes Release 5.0}},
 howpublished = "\url{https://catalog.ldc.upenn.edu/ldc2013t19}",
}

@misc{common-crawl,
 title = {{Common Crawl, an open repository of web crawl data that can be accessed and analyzed by anyone}},
 howpublished = "\url{http://commoncrawl.org/}",
}